  @Manual{r,
    title = {R: A Language and Environment for Statistical Computing},
    author = {{R Core Team}},
    organization = {R Foundation for Statistical Computing},
    address = {Vienna, Austria},
    year = {2023},
    url = {https://www.R-project.org/},
  }

  @Manual{rstudio,
    title = {RStudio: Integrated Development Environment for R},
    author = {{Posit team}},
    organization = {Posit Software, PBC},
    address = {Boston, MA},
    year = {2024},
    url = {http://www.posit.co/},
  }

  @Manual{rmarkdown,
    title = {rmarkdown: Dynamic Documents for R},
    author = {JJ Allaire and Yihui Xie and Christophe Dervieux and Jonathan McPherson and Javier Luraschi and Kevin Ushey and Aron Atkins and Hadley Wickham and Joe Cheng and Winston Chang and Richard Iannone},
    year = {2023},
    note = {R package version 2.25},
    url = {https://github.com/rstudio/rmarkdown},
  }
  
    @Manual{tidyverse,
    title = {Welcome to the {tidyverse}},
    author = {Hadley Wickham and Mara Averick and Jennifer Bryan and Winston Chang and Lucy D'Agostino McGowan and Romain François and Garrett Grolemund and Alex Hayes and Lionel Henry and Jim Hester and Max Kuhn and Thomas Lin Pedersen and Evan Miller and Stephan Milton Bache and Kirill Müller and Jeroen Ooms and David Robinson and Dana Paige Seidel and Vitalie Spinu and Kohske Takahashi and Davis Vaughan and Claus Wilke and Kara Woo and Hiroaki Yutani},
    year = {2019},
    journal = {Journal of Open Source Software},
    volume = {4},
    number = {43},
    pages = {1686},
    doi = {10.21105/joss.01686},
  }
  
  @Manual{bookdown,
    title = {bookdown: Authoring Books and Technical Documents with R Markdown},
    author = {Yihui Xie},
    year = {2023},
    note = {R package version 0.36},
    url = {https://github.com/rstudio/bookdown},
  }
  
    @Manual{knitr,
    title = {knitr: A General-Purpose Package for Dynamic Report Generation in R},
    author = {Yihui Xie},
    year = {2023},
    note = {R package version 1.45},
    url = {https://yihui.org/knitr/},
  }
  
    @Manual{kableextra,
    title = {kableExtra: Construct Complex Table with 'kable' and Pipe Syntax},
    author = {Hao Zhu},
    year = {2023},
    note = {R package version 1.3.4.9000, 
https://github.com/haozhu233/kableExtra},
    url = {http://haozhu233.github.io/kableExtra/},
  }
  
    @Manual{english,
    title = {english: Translate Integers into English},
    author = {John Fox and Bill Venables and Anthony Damico and Anne Pier Salverda},
    year = {2021},
    note = {R package version 1.2-6},
    url = {https://CRAN.R-project.org/package=english},
  }
  
    @Manual{diagrammer,
    title = {DiagrammeR: Graph/Network Visualization},
    author = {Richard Iannone},
    year = {2023},
    note = {R package version 1.0.10},
    url = {https://CRAN.R-project.org/package=DiagrammeR},
  }