@article{tudor2014,
  title={Fully automated waist-worn accelerometer algorithm for detecting children’s sleep-period time separate from 24-h physical activity or sedentary behaviors},
  author={Tudor-Locke, Catrine and Barreira, Tiago V and Schuna Jr, John M and Mire, Emily F and Katzmarzyk, Peter T},
  journal={Applied physiology, nutrition, and metabolism},
  volume={39},
  number={1},
  pages={53--57},
  year={2014},
  publisher={NRC Research Press}
}

@article{troiano2008,
  title={Physical activity in the United States measured by accelerometer},
  author={Troiano, Richard P and Berrigan, David and Dodd, Kevin W and Masse, Louise C and Tilert, Timothy and McDowell, Margaret and others},
  journal={Medicine and science in sports and exercise},
  volume={40},
  number={1},
  pages={181},
  year={2008},
  publisher={Williams \& Wilkins}
}

@article{sadeh1994,
  title={Activity-based sleep-wake identification: an empirical test of methodological issues},
  author={Sadeh, Avi and Sharkey, M and Carskadon, Mary A},
  journal={Sleep},
  volume={17},
  number={3},
  pages={201--207},
  year={1994},
  publisher={Oxford University Press}
}

@article{jean2001,
  title={Sleep estimation from wrist movement quantified by different actigraphic modalities},
  author={Jean-Louis, Girardin and Kripke, Daniel F and Mason, William J and Elliott, Jeffrey A and Youngstedt, Shawn D},
  journal={Journal of neuroscience methods},
  volume={105},
  number={2},
  pages={185--191},
  year={2001},
  publisher={Elsevier}
}

@article{gorny1996,
  title={Parametric analyses of factors affecting accuracy for detection of wake epochs after sleep onset based on wrist activity data},
  author={Gorny, S and Allen, R and Krausman, D and Earley, C},
  journal={Sleep Res},
  volume={25},
  pages={490},
  year={1996}
}

@article{lopez2018,
  title={Validation of SenseWear Armband in children, adolescents, and adults},
  author={Lopez, Guillermo Antonio and Br{\o}nd, Jan Christian and Andersen, Lars Bo and Dencker, Magnus and Arvidsson, Daniel},
  journal={Scandinavian journal of medicine \& science in sports},
  volume={28},
  number={2},
  pages={487--495},
  year={2018},
  publisher={Wiley Online Library}
}

@article{kripke1978,
  title={Wrist actigraphic measures of sleep and rhythms},
  author={Kripke, Daniel F and Mullaney, DJ and Messin, S and Wyborney, V Grant},
  journal={Electroencephalography and clinical neurophysiology},
  volume={44},
  number={5},
  pages={674--676},
  year={1978},
  publisher={Elsevier}
}

@article{boyne2013,
  title={Accuracy of computer algorithms and the human eye in scoring actigraphy},
  author={Boyne, Kathleen and Sherry, David D and Gallagher, Paul R and Olsen, Margaret and Brooks, Lee J},
  journal={Sleep and Breathing},
  volume={17},
  pages={411--417},
  year={2013},
  publisher={Springer}
}

@article{haghayegh2019,
  title={Accuracy of wristband Fitbit models in assessing sleep: systematic review and meta-analysis},
  author={Haghayegh, Shahab and Khoshnevis, Sepideh and Smolensky, Michael H and Diller, Kenneth R and Castriotta, Richard J},
  journal={Journal of medical Internet research},
  volume={21},
  number={11},
  pages={e16273},
  year={2019},
  publisher={JMIR Publications Toronto, Canada}
}

@article{peach2014,
  title={Exploring the ActiLife{\textregistered} filtration algorithm: Converting raw acceleration data to counts},
  author={Peach, D and Van Hoomissen, Jacqueline and Callender, HL},
  journal={Physiological measurement},
  volume={35},
  number={12},
  pages={2359},
  year={2014},
  publisher={IOP Publishing}
}

@article{barreira2009,
  title={Validation of the Actiheart monitor for the measurement of physical activity},
  author={Barreira, Tiago V and Kang, Minsoo and Caputo, Jennifer L and Farley, Richard S and Renfrow, Matthew S and others},
  journal={International Journal of Exercise Science},
  volume={2},
  number={1},
  pages={7},
  year={2009}
}

@article{dunne2013,
  title={A signal processing framework for objective sleep and physical activity measurement using accelerometry in population studies of older adults},
  author={Dunne, L and Cronin, H and Finucane, C and Greene, L and Keamey, PM and Kenny, RA and Nolan, H and Walsh, P},
  journal={Age and Ageing},
  pages={15},
  year={2013},
  publisher={Oxford University Press}
}

@article{russell2000,
  title={Validation of the fatigue science readiband actigraph and associated sleep/wake classification algorithms},
  author={Russell, C and Caldwell, JA and Arand, D and Myers, L and Wubbels, P and Downs, HJAL},
  journal={Arch LLC},
  year={2000}
}

@article{john2019,
  title={An open-source monitor-independent movement summary for accelerometer data processing},
  author={John, Dinesh and Tang, Qu and Albinali, Fahd and Intille, Stephen},
  journal={Journal for the Measurement of Physical Behaviour},
  volume={2},
  number={4},
  pages={268--281},
  year={2019},
  publisher={Human Kinetics}
}

@article{barouni2020,
  title={Ambulatory sleep scoring using accelerometers—distinguishing between nonwear and sleep/wake states},
  author={Barouni, Amna and Ottenbacher, J{\"o}rg and Schneider, Johannes and Feige, Bernd and Riemann, Dieter and Herlan, Anne and El Hardouz, Driss and McLennan, Darren},
  journal={PeerJ},
  volume={8},
  pages={e8284},
  year={2020},
  publisher={PeerJ Inc.}
}

@article{choi2011,
  title={Validation of accelerometer wear and nonwear time classification algorithm},
  author={Choi, Leena and Liu, Zhouwen and Matthews, Charles E and Buchowski, Maciej S},
  journal={Medicine and science in sports and exercise},
  volume={43},
  number={2},
  pages={357},
  year={2011},
  publisher={NIH Public Access}
}

@article{cole1992,
  title={Automatic sleep/wake identification from wrist activity},
  author={Cole, Roger J and Kripke, Daniel F and Gruen, William and Mullaney, Daniel J and Gillin, J Christian},
  journal={Sleep},
  volume={15},
  number={5},
  pages={461--469},
  year={1992},
  publisher={Oxford University Press}
}