@article{lichstein2017,
  title={Insomnia identity},
  author={Lichstein, Kenneth L},
  journal={Behaviour Research and Therapy},
  volume={97},
  pages={230--241},
  year={2017},
  publisher={Elsevier}
}